@inproceedings{Kloefkorn2012,
	address = {Radlinsk{\'{e}}ho 11, 813 68 Bratislava, Slovak Republic},
	booktitle = {Proceedings of ALGORITMY},
	editor = {Handlovi{\v{c}}ov{\'{a}}, Angela and Minarechov{\'{a}}, Zuzana and {\v{S}}ev{\v{c}}ovi{\v{c}}, Daniel},
	isbn = {978-80-227-3742-5},
	publisher = {Slovak University of Technology in Bratislava, Department of Mathematics and Descriptive Geometry},
	url = {http://www.iam.fmph.uniba.sk/algoritmy2012/},
	author = {Kl{\"{o}}fkorn, Robert},
	title = {Efficient matrix-free implementation of discontinuous Galerkin methods for compressible flow problems},
	pages = {11-21},
	year = {2012},
	tags = "Hybrid Grid"
}
